@article{lee1985improved,
  title={Improved methods of estimating shape from shading using the light source coordinate system},
  author={Lee, Chia-Hoang and Rosenfeld, Azriel},
  journal={artificial Intelligence},
  volume={26},
  number={2},
  pages={125--143},
  year={1985},
  publisher={Elsevier}
}

@inproceedings{tsai1992fast,
  title={A fast linear shape from shading},
  author={Tsai, Ping-Sing and Shah, Mubarak},
  booktitle={Computer Vision and Pattern Recognition, 1992. Proceedings CVPR'92., 1992 IEEE Computer Society Conference on},
  pages={734--736},
  year={1992},
  organization={IEEE}
}

@inproceedings{wu2011high,
  title={High-quality shape from multi-view stereo and shading under general illumination},
  author={Wu, Chenglei and Wilburn, Bennett and Matsushita, Yasuyuki and Theobalt, Christian},
  booktitle={Computer Vision and Pattern Recognition (CVPR), 2011 IEEE Conference on},
  pages={969--976},
  year={2011},
  organization={IEEE}
}

@article{lee1993shape,
  title={Shape from shading with a linear triangular element surface model},
  author={Lee, Kyoung Mu and Kuo, CC},
  journal={Pattern Analysis and Machine Intelligence, IEEE Transactions on},
  volume={15},
  number={8},
  pages={815--822},
  year={1993},
  publisher={IEEE}
}
@article{pentland1989shape,
  title={Shape information from shading: a theory about human perception},
  author={Pentland, Alex},
  journal={Spatial vision},
  volume={4},
  number={2},
  pages={165--182},
  year={1989},
  publisher={Brill}
}

@article{Kirk:1977fk,
  title={ A Fast Finite-Element Algorithm for Two-Dimensional Photoclinometry},
  author={Kirk, R.},
  journal={Ph.D. Thesis},
  volume={},
  number={},
  pages={},
  year={1987},
  publisher={Caltech}
}

@inproceedings{samaras2000variable,
  title={Variable albedo surface reconstruction from stereo and shape from shading},
  author={Samaras, Dimitrios and Metaxas, Dimitris and Fua, Pascal and Leclerc, Yvan G},
  booktitle={Computer Vision and Pattern Recognition, 2000. Proceedings. IEEE Conference on},
  volume={1},
  pages={480--487},
  year={2000},
  organization={IEEE}
}

@article{capanna2013three,
  title={Three-dimensional reconstruction using multiresolution photoclinometry by deformation},
  author={Capanna, Claire and Gesqui{\`e}re, Gilles and Jorda, Laurent and Lamy, Philippe and Vibert, Didier},
  journal={The Visual Computer},
  volume={29},
  number={6-8},
  pages={825--835},
  year={2013},
  publisher={Springer}
}
@article{jin20083,
  title={3-d reconstruction of shaded objects from multiple images under unknown illumination},
  author={Jin, Hailin and Cremers, Daniel and Wang, Dejun and Prados, Emmanuel and Yezzi, Anthony and Soatto, Stefano},
  journal={International Journal of Computer Vision},
  volume={76},
  number={3},
  pages={245--256},
  year={2008},
  publisher={Springer}
}
@inproceedings{herbort2011reconstruction,
  title={Reconstruction of non-Lambertian surfaces by fusion of shape from shading and active range scanning},
  author={Herbort, Steffen and Grumpe, Arne and W{\"o}hler, Christian},
  booktitle={Image Processing (ICIP), 2011 18th IEEE International Conference on},
  pages={17--20},
  year={2011},
  organization={IEEE}
}

@phdthesis{lux2011multi,
  title={Multi-view Shape Modeling from Images},
  author={Lux, Augustin},
  year={2011},
  school={Inria Grenoble}
}

@article{crouzil2003multiresolution,
  title={A multiresolution approach for shape from shading coupling deterministic and stochastic optimization},
  author={Crouzil, Alain and Descombes, Xavier and Durou, Jean-Denis},
  journal={Pattern Analysis and Machine Intelligence, IEEE Transactions on},
  volume={25},
  number={11},
  pages={1416--1421},
  year={2003},
  publisher={IEEE}
}
@inproceedings{terzopoulos1984efficient,
  title={Efficient Multiresolution Algorithms for Computing Lightness, Shape-From-Shading, and Optical Flow.},
  author={Terzopoulos, Demetri},
  booktitle={AAAI},
  pages={314--317},
  year={1984}
}

@article{horn1990height,
  title={Height and gradient from shading},
  author={Horn, Berthold KP},
  journal={International journal of computer vision},
  volume={5},
  number={1},
  pages={37--75},
  year={1990},
  publisher={Springer}
}

@article{ikeuchi1981numerical,
  title={Numerical shape from shading and occluding boundaries},
  author={Ikeuchi, Katsushi and Horn, Berthold KP},
  journal={Artificial intelligence},
  volume={17},
  number={1},
  pages={141--184},
  year={1981},
  publisher={Elsevier}
}

@article{pentland1984local,
  title={Local shading analysis},
  author={Pentland, Alex P},
  journal={Pattern Analysis and Machine Intelligence, IEEE Transactions on},
  volume={PAMI-6},
  number={2},
  pages={170--187},
  year={1984},
  publisher={IEEE}
}


@article{van1951photometric,
  title={A Photometric Investigation of the Slopes and the Heights of the Ranges of Hills in the Maria of the Moon},
  author={Van Diggelen, J},
  journal={Bulletin of the Astronomical Institutes of the Netherlands},
  volume={11},
  pages={283},
  year={1951}
}

@article{rindfleisch1966photometric,
  title={Photometric method for lunar topography(Photometric method for deriving lunar surface elevation information from single picture)},
  author={Rindfleisch, T},
  journal={JET PROPULSION LAB., REP},
  volume={32},
  number={32},
  pages={262--276},
  year={1966}
}

@article{zhang1999shape,
  title={Shape-from-shading: a survey},
  author={Zhang, Ruo and Tsai, Ping-Sing and Cryer, James Edwin and Shah, Mubarak},
  journal={Pattern Analysis and Machine Intelligence, IEEE Transactions on},
  volume={21},
  number={8},
  pages={690--706},
  year={1999},
  publisher={IEEE}
}

@article{horn1970shape,
  title={Shape from shading: A method for obtaining the shape of a smooth opaque object from one view},
  author={Horn, Berthold KP},
  journal={Technical Report MAC-TR-79, Project MAC, Massachusetts Institute of Technology},
  year={1970}
}

@article{lohse2006derivation,
  title={Derivation of planetary topography using multi-image shape-from-shading},
  author={Lohse, Volker and Heipke, Christian and Kirk, Randolph L},
  journal={Planetary and space science},
  volume={54},
  number={7},
  pages={661--674},
  year={2006},
  publisher={Elsevier}
}

@article{lee1997shape,
  title={Shape from shading with a generalized reflectance map model},
  author={Lee, Kyoung Mu and Kuo, C-C Jay},
  journal={Computer vision and image understanding},
  volume={67},
  number={2},
  pages={143--160},
  year={1997},
  publisher={Elsevier}
}

@inproceedings{kirk2003photoclinometry,
  title={Photoclinometry made simple},
  author={Kirk, Randolph L and Barrett, Janet M and Soderblom, Laurence A},
  booktitle={Proceedings of the ISPRS Commission IV Symposium},
  volume={34},
  pages={4},
  year={2003}
}

@article{mcewen1991photometric,
  title={Photometric functions for photoclinometry and other applications},
  author={McEwen, Alfred S},
  journal={Icarus},
  volume={92},
  number={2},
  pages={298--311},
  year={1991},
  publisher={Elsevier}
}

@inproceedings{grumpe2011construction,
  title={DEM construction and calibration of hyperspectral image data using pairs of radiance images},
  author={Grumpe, Arne M and W{\"o}hler, Christian},
  booktitle={Image and Signal Processing and Analysis (ISPA), 2011 7th International Symposium on},
  pages={609--614},
  year={2011},
  organization={IEEE}
}

@inproceedings{tyler2014merged,
  title={Merged Shape from Shading and Shape from Stereo for Planetary Topographic Mapping},
  author={Tyler, Laurence and Cook, Tony and Barnes, Dave and Parr, Gerhard and Kirk, Randolph},
  booktitle={EGU General Assembly Conference Abstracts},
  volume={16},
  pages={16110},
  year={2014}
}

@article{durou2008numerical,
  title={Numerical methods for shape-from-shading: A new survey with benchmarks},
  author={Durou, Jean-Denis and Falcone, Maurizio and Sagona, Manuela},
  journal={Computer Vision and Image Understanding},
  volume={109},
  number={1},
  pages={22--43},
  year={2008},
  publisher={Elsevier}
}

@article{o2012new,
  title={A new shape from shading technique with application to Mars Express HRSC images},
  author={O'Hara, R and Barnes, Dave},
  journal={ISPRS Journal of Photogrammetry and Remote Sensing},
  volume={67},
  pages={27--34},
  year={2012},
  publisher={Elsevier}
}

@misc{agarwal2012ceres,
  title={Ceres solver},
  author={Agarwal, Sameer and Mierle, Keir and others},
  year={2012}
}

@article{zuber2010lunar,
  title={The lunar reconnaissance orbiter laser ranging investigation},
  author={Zuber, Maria T and Smith, David E and Zellar, Ronald S and Neumann, Gregory A and Sun, Xiaoli and Katz, Richard B and Kleyner, Igor and Matuszeski, Adam and McGarry, Jan F and Ott, Melanie N and others},
  journal={Space Science Reviews},
  volume={150},
  number={1-4},
  pages={63--80},
  year={2010},
  publisher={Springer}
}

@article{hapke2008bidirectional,
  title={Bidirectional reflectance spectroscopy: 6. Effects of porosity},
  author={Hapke, Bruce},
  journal={Icarus},
  volume={195},
  number={2},
  pages={918--926},
  year={2008},
  publisher={Elsevier}
}

@article{hapke1993opposition,
  title={The opposition effect of the moon: The contribution of coherent backscatter},
  author={Hapke, Bruce W and Nelson, Robert M and Smythe, William D},
  journal={Science},
  volume={260},
  number={5107},
  pages={509--511},
  year={1993}
}

@article{johnson2006spectrophotometric,
  title={Spectrophotometric properties of materials observed by Pancam on the Mars Exploration Rovers: 1. Spirit},
  author={Johnson, Jeffrey R and Grundy, William M and Lemmon, Mark T and Bell, James F and Johnson, Miles J and Deen, Robert G and Arvidson, Raymond E and Farrand, William H and Guinness, Edward A and Hayes, Alexander G and others},
  journal={Journal of Geophysical Research: Planets},
  volume={111},
  number={E2},
  year={2006},
  publisher={Wiley Online Library}
}

@article{fernando2013surface,
  title={Surface reflectance of Mars observed by CRISM/MRO: 2. Estimation of surface photometric properties in Gusev Crater and Meridiani Planum},
  author={Fernando, J and Schmidt, F and Ceamanos, X and Pinet, P and Dout{\'e}, S and Daydou, Y},
  journal={Journal of Geophysical Research: Planets},
  volume={118},
  number={3},
  pages={534--559},
  year={2013},
  publisher={Wiley Online Library}
}
@inproceedings{smith2011results,
  title={Results from the Lunar Orbiter Laser Altimeter (LOLA): global, high resolution topographic mapping of the Moon},
  author={Smith, DE and Zuber, MT and Neumann, GA and Mazarico, E and Head, J and Torrence, MH and others},
  booktitle={Lunar and Planetary Science Conference},
  volume={42},
  pages={2350},
  year={2011}
}

@article{wu2016shape,
  title={Shape and Albedo from Shading (SAfS) for Pixel-Level dem Generation from Monocular Images Constrained by Low-Resolution dem},
  author={Wu, Bo and Chung Liu, Wai and Grumpe, Arne and W{\"o}hler, Christian},
  journal={ISPRS-International Archives of the Photogrammetry, Remote Sensing and Spatial Information Sciences},
  pages={521--527},
  year={2016}
}

